<record><leader>00000cas a22000007a 4500</leader><controlfield tag="001">10317294</controlfield><controlfield tag="008">840119d18761884wyuwr ne      0    0eng d</controlfield><controlfield tag="009">3768</controlfield><datafield ind1=" " ind2=" " tag="010"><subfield code="a">sn 84022148 </subfield></datafield><datafield ind1=" " ind2=" " tag="040"><subfield code="a">NPX</subfield><subfield code="b">eng</subfield><subfield code="c">NPX</subfield><subfield code="d">NPU</subfield><subfield code="d">DLC</subfield><subfield code="d">ANU</subfield><subfield code="d">OCL</subfield><subfield code="d">DLC</subfield><subfield code="d">OCLCF</subfield></datafield><datafield ind1=" " ind2=" " tag="042"><subfield code="a">msc</subfield></datafield><datafield ind1=" " ind2=" " tag="043"><subfield code="a">n-us-wy</subfield></datafield><datafield ind1="0" ind2="0" tag="050"><subfield code="a">Newspaper</subfield></datafield><datafield ind1="0" ind2="0" tag="245"><subfield code="a">Cheyenne weekly leader.</subfield></datafield><datafield ind1="1" ind2="0" tag="246"><subfield code="a">Weekly leader</subfield></datafield><datafield ind1="1" ind2="0" tag="246"><subfield code="a">Cheyenne weekly leader. and stock journal</subfield></datafield><datafield ind1=" " ind2=" " tag="260"><subfield code="a">Cheyenne, Wyo. :</subfield><subfield code="b">Nathan A. Barker &amp; James E. Gates,</subfield><subfield code="c">1876-1884.</subfield></datafield><datafield ind1=" " ind2=" " tag="300"><subfield code="a">9 v. :</subfield><subfield code="b">ill. (chiefly advertisements) ;</subfield><subfield code="c">55 cm.</subfield></datafield><datafield ind1=" " ind2=" " tag="310"><subfield code="a">Weekly</subfield></datafield><datafield ind1="0" ind2=" " tag="362"><subfield code="a">Vol. 9, no. 33 (May 13, 1876)-v. 17, no. 20 (Jan. 17, 1884).</subfield></datafield><datafield ind1=" " ind2=" " tag="500"><subfield code="a">Published as: Cheyenne weekly leader. and stock journal, Oct. 4-Dec. 6, 1883.</subfield></datafield><datafield ind1=" " ind2=" " tag="500"><subfield code="a">Publisher: Herman Glafcke, May 13, 1876-&lt;Aug. 5, 1876&gt;.</subfield></datafield><datafield ind1=" " ind2=" " tag="500"><subfield code="a">Publishers' names recorded in McMurtrie, D.C.  Pioneer print. in Wyo.</subfield></datafield><datafield ind1=" " ind2=" " tag="500"><subfield code="a">Illustration: map, Black Hills of Wyoming--direct routes from Cheyenne, Aug. 5, 1876.</subfield></datafield><datafield ind1=" " ind2=" " tag="500"><subfield code="a">"National Republican."</subfield></datafield><datafield ind1=" " ind2=" " tag="500"><subfield code="a">Editor: H. Glafcke, 1872-&lt;1876&gt;.</subfield></datafield><datafield ind1=" " ind2="0" tag="651"><subfield code="a">Cheyenne (Wyo.)</subfield><subfield code="v">Newspapers.</subfield></datafield><datafield ind1=" " ind2="0" tag="651"><subfield code="a">Laramie County (Wyo.)</subfield><subfield code="v">Newspapers.</subfield></datafield><datafield ind1=" " ind2="7" tag="655"><subfield code="a">Newspapers.</subfield><subfield code="2">fast</subfield><subfield code="0">(OCoLC)fst01423814</subfield></datafield><datafield ind1=" " ind2="7" tag="651"><subfield code="a">Wyoming</subfield><subfield code="z">Cheyenne.</subfield><subfield code="2">fast</subfield><subfield code="0">(OCoLC)fst01207517</subfield></datafield><datafield ind1=" " ind2="7" tag="651"><subfield code="a">Wyoming</subfield><subfield code="z">Laramie County.</subfield><subfield code="2">fast</subfield><subfield code="0">(OCoLC)fst01225729</subfield></datafield><datafield ind1="1" ind2=" " tag="700"><subfield code="a">Glafcke, Herman.</subfield></datafield><datafield ind1=" " ind2=" " tag="752"><subfield code="a">United States</subfield><subfield code="b">Wyoming</subfield><subfield code="c">Laramie</subfield><subfield code="d">Cheyenne.</subfield></datafield><datafield ind1="0" ind2=" " tag="775"><subfield code="t">Cheyenne daily leader (Cheyenne, Wyo. : 1870)</subfield><subfield code="w">(DLC)sn 84022149</subfield><subfield code="w">(OCoLC)10317222</subfield></datafield><datafield ind1="0" ind2="0" tag="780"><subfield code="t">Wyoming weekly leader</subfield><subfield code="w">(DLC)sn 84027231</subfield><subfield code="w">(OCoLC)10981470</subfield></datafield><datafield ind1="0" ind2="0" tag="785"><subfield code="t">Weekly democratic leader</subfield><subfield code="w">(DLC)sn 86072164</subfield><subfield code="w">(OCoLC)14912296</subfield></datafield></record>